%! Author = rickr
%! Date = 8/31/2021

